<?xml version="1.0" encoding="UTF-8" ?><marc:collection xmlns:marc="http://www.loc.gov/MARC21/slim" xmlns:xsi="http://www.w3.org/2001/XMLSchema-instance" xsi:schemaLocation="http://www.loc.gov/MARC21/slim http://www.loc.gov/standards/marcxml/schema/MARC21slim.xsd">
<marc:record><marc:leader>00675cam a22001933  4500</marc:leader>
<marc:controlfield tag="001">014811575</marc:controlfield>
<marc:controlfield tag="003">Uk</marc:controlfield><marc:controlfield tag="005">20081115162829.0</marc:controlfield><marc:controlfield tag="007">cr mn 024mpadp</marc:controlfield><marc:controlfield tag="008">880823|1864|||||||    |s     ||| ||und  </marc:controlfield><marc:datafield tag="040" ind1=" " ind2=" "><marc:subfield code="a">Uk</marc:subfield><marc:subfield code="c">Uk</marc:subfield></marc:datafield><marc:datafield tag="100" ind1="1" ind2=" "><marc:subfield code="a">Gibbon, Charles,</marc:subfield><marc:subfield code="d">1843-1890.</marc:subfield></marc:datafield><marc:datafield tag="245" ind1="1" ind2="0"><marc:subfield code="a">Dangerous Connexions. A novel.</marc:subfield><marc:subfield code="h">[electronic resource]</marc:subfield></marc:datafield><marc:datafield tag="260" ind1=" " ind2=" "><marc:subfield code="a">London,</marc:subfield><marc:subfield code="c">1864.</marc:subfield></marc:datafield><marc:datafield tag="300" ind1=" " ind2=" "><marc:subfield code="a">3 vol. ;</marc:subfield><marc:subfield code="c">8º.</marc:subfield></marc:datafield><marc:datafield tag="775" ind1="0" ind2=" "><marc:subfield code="t">[Dangerous Connexions. A novel.]</marc:subfield><marc:subfield code="d">pp. 402. Ward, Lock, and Tyler: London, 1875. 8º.</marc:subfield><marc:subfield code="w">(Uk)MP1.0001491083.1</marc:subfield></marc:datafield><marc:datafield tag="500" ind1=" " ind2=" " ><marc:subfield code="a">Testing General Note</marc:subfield></marc:datafield><marc:datafield tag="852" ind1="4" ind2=" "><marc:subfield code="a">British Library</marc:subfield><marc:subfield code="b">HMNTS</marc:subfield><marc:subfield code="c">SFX</marc:subfield><marc:subfield code="j">lsidyv3b0a7b28</marc:subfield></marc:datafield><marc:datafield tag="852" ind1="4" ind2=" "><marc:subfield code="a">British Library</marc:subfield><marc:subfield code="b">HMNTS</marc:subfield><marc:subfield code="c">SFX</marc:subfield><marc:subfield code="j">lsidyv3aee4429</marc:subfield></marc:datafield><marc:datafield tag="852" ind1="4" ind2=" "><marc:subfield code="a">British Library</marc:subfield><marc:subfield code="b">HMNTS</marc:subfield><marc:subfield code="c">SFX</marc:subfield><marc:subfield code="j">lsidyv3aee4b76</marc:subfield></marc:datafield></marc:record>