
<marc:record><marc:leader>00570cam a22001813  4500</marc:leader>
<marc:controlfield tag="001">014811581</marc:controlfield>
<marc:controlfield tag="003">Uk</marc:controlfield><marc:controlfield tag="005">20081115162829.0</marc:controlfield><marc:controlfield tag="007">cr mn 024mpadp</marc:controlfield><marc:controlfield tag="008">880823|1874|||||||    |s     ||| ||und  </marc:controlfield><marc:datafield tag="040" ind1=" " ind2=" "><marc:subfield code="a">Uk</marc:subfield><marc:subfield code="c">Uk</marc:subfield></marc:datafield><marc:datafield tag="100" ind1="1" ind2=" "><marc:subfield code="a">Gibbon, Charles,</marc:subfield><marc:subfield code="d">1843-1890.</marc:subfield></marc:datafield><marc:datafield tag="245" ind1="1" ind2="0"><marc:subfield code="a">In Honour Bound. [A novel.]</marc:subfield><marc:subfield code="h">[electronic resource]</marc:subfield></marc:datafield><marc:datafield tag="260" ind1=" " ind2=" "><marc:subfield code="a">London, Guildford [printed],</marc:subfield><marc:subfield code="c">1874.</marc:subfield></marc:datafield><marc:datafield tag="300" ind1=" " ind2=" "><marc:subfield code="a">3 vol. ;</marc:subfield><marc:subfield code="c">8º.</marc:subfield></marc:datafield><marc:datafield tag="852" ind1="4" ind2=" "><marc:subfield code="a">British Library</marc:subfield><marc:subfield code="b">HMNTS</marc:subfield><marc:subfield code="c">SFX</marc:subfield><marc:subfield code="j">lsidyv3aa7144c</marc:subfield></marc:datafield><marc:datafield tag="852" ind1="4" ind2=" "><marc:subfield code="a">British Library</marc:subfield><marc:subfield code="b">HMNTS</marc:subfield><marc:subfield code="c">SFX</marc:subfield><marc:subfield code="j">lsidyv3aa71ba5</marc:subfield></marc:datafield><marc:datafield tag="852" ind1="4" ind2=" "><marc:subfield code="a">British Library</marc:subfield><marc:subfield code="b">HMNTS</marc:subfield><marc:subfield code="c">SFX</marc:subfield><marc:subfield code="j">lsidyv3aa7232e</marc:subfield></marc:datafield></marc:record>