
<marc:record><marc:leader>00573cam a22001813  4500</marc:leader>
<marc:controlfield tag="001">014811582</marc:controlfield>
<marc:controlfield tag="003">Uk</marc:controlfield><marc:controlfield tag="005">20081115162829.0</marc:controlfield><marc:controlfield tag="007">cr mn 024mpadp</marc:controlfield><marc:controlfield tag="008">880823|1877|||||||    |s     ||| ||und  </marc:controlfield><marc:datafield tag="040" ind1=" " ind2=" "><marc:subfield code="a">Uk</marc:subfield><marc:subfield code="c">Uk</marc:subfield></marc:datafield><marc:datafield tag="100" ind1="1" ind2=" "><marc:subfield code="a">Gibbon, Charles,</marc:subfield><marc:subfield code="d">1843-1890.</marc:subfield></marc:datafield><marc:datafield tag="245" ind1="1" ind2="0"><marc:subfield code="a">In Love and War. A romance.</marc:subfield><marc:subfield code="h">[electronic resource]</marc:subfield></marc:datafield><marc:datafield tag="260" ind1=" " ind2=" "><marc:subfield code="a">London, Beccles [printed],</marc:subfield><marc:subfield code="c">1877.</marc:subfield></marc:datafield><marc:datafield tag="300" ind1=" " ind2=" "><marc:subfield code="a">3 vol. ;</marc:subfield><marc:subfield code="c">8º.</marc:subfield></marc:datafield><marc:datafield tag="852" ind1="4" ind2=" "><marc:subfield code="a">British Library</marc:subfield><marc:subfield code="b">HMNTS</marc:subfield><marc:subfield code="c">SFX</marc:subfield><marc:subfield code="j">lsidyv3b5744cc</marc:subfield></marc:datafield><marc:datafield tag="852" ind1="4" ind2=" "><marc:subfield code="a">British Library</marc:subfield><marc:subfield code="b">HMNTS</marc:subfield><marc:subfield code="c">SFX</marc:subfield><marc:subfield code="j">lsidyv3b574c73</marc:subfield></marc:datafield><marc:datafield tag="852" ind1="4" ind2=" "><marc:subfield code="a">British Library</marc:subfield><marc:subfield code="b">HMNTS</marc:subfield><marc:subfield code="c">SFX</marc:subfield><marc:subfield code="j">lsidyv392ddfba</marc:subfield><marc:subfield code="i">III</marc:subfield></marc:datafield></marc:record>
</marc:collection>
